@unpublished{Bettridge,
  author = "Gerald Bettridge",
  title  = "How to read the {Gutenberg} {Bible}",
  note   = "Text prepared for the Lyon Printing Museum"
}


@article{bien_representing_2022,
	title = {Representing {Parkosz}'s alphabet in the {Junicode} font},
	volume = {43},
	copyright = {All rights reserved},
	issn = {0896-3207},
	url = {https://tug.org/TUGboat/tb43-3/tb135bien-parkosz.html},
	doi = {10.47397/tb/43-3/tb135bien-parkosz},
	language = {en},
	number = {3},
	urldate = {2022-12-10},
	journal = {TUGboat},
	author = {Bień, Janusz S.},
	year = {2022},
	pages = {247--251},
}

@incollection{jsb23,
       booktitle = {Grapholinguistics in the 21st {Century} 2022. Proceedings.
Grapholinguistics and Its Applications},
          editor = {Yannis Haralambous},
           title = {16th century {Latin} brevigraphs in {Unicode} --- a computer resource},
            year = {2023 (to appear)},
           pages = {31--46},
       publisher = {Fluxus Editions},
         address = {Brest},
          author = {Janusz S. Bie{\'n}},
	     url = {https://doi.org/10.36824/2022-graf-bien}
           }


@article{bien_repertuar_2020,
	title = {Repertuar znaków piśmiennych - problemy i perspektywy (postprint)},
	copyright = {All rights reserved},
	url = {http://rgdoi.net/10.13140/RG.2.2.16822.83529},
	doi = {10.13140/RG.2.2.16822.83529},
	urldate = {2021-04-24},
	author = {Bień, Janusz S.},
	year = {2020},
}

@misc{Blake,
  author = 	 {Erin Blake},
  title = 	 {A briefing on brevigraphs, those strange shapes in early printed texts},
  year = 	 2021,
  urldate = {2022-01-15},
  url = 	 {https://www.folger.edu/blogs/collation/brevigraphs/}}



@Article{bień21:_reper_ungler_polon_typog,
  author = 	 {Janusz S. Bień},
  title = 	 {Repertuar znaków pisma nr 1
pierwszej drukarni {Unglera} (1510–1516)
na podstawie {Polonia} {Typographica}},
  journal = {Acta Poligraphica},
  year = 	 2021,
  pages = 	 {1-20},
  issn = 	 {2299-9981},
  url = 	 {http://www.cobrpp.com.pl/actapoligraphica/uploads/pdf/AP2021_Bien.pdf},
  urldate = 	 {2022-10-26}}


@article{Rubricella2023,
	title = {Towards an inventory of old print characters: {Ungler}'s \textit{{Rubricella}} , a case study},
	volume = {44},
	issn = {0896-3207},
	shorttitle = {Towards an inventory of old print characters},
	url = {https://tug.org/TUGboat/tb44-3/tb138bien-rubricella.html},
	doi = {10.47397/tb/44-3/tb138bien-rubricella},
	number = {3},
	urldate = {2023-11-27},
	journal = {TUGboat},
	author = {Bień, Janusz S.},
	year = {2023},
	pages = {364--375},
}


@Article{Rubricella2023errata,
  author = 	 {Janusz S. Bień},
  title = 	 {Towards an inventory of old print characters:
  Ungler's \textit{Rubricella}, a case study. {ERRATA}},
	journal = {TUGboat},
	volume = {45},
	volume = {1},
	year = {2024},
url =          {https://tug.org/TUGboat/tb44-3/bien-rubricella-errata.pdf}
}


@Book{haugen15:_mufi1,
  author = 	 {Odd Einar Haugen},
  title = 	 {MUFI character recommendation version 4.0.},
  year = 	 2015,
  publisher = {Medieval Unicode Font Initiative},
  isbn = 	 {978-82-8088-411-4},
  url = 	 {http://hdl.handle.net/1956/10699}}



@article{andre:halshs-00983575,
  TITLE = {{Transcription et codage des imprim{\'e}s de la Renaissance.}},
  AUTHOR = {Andr{\'e}, Jacques and Jimenes, R{\'e}mi},
  URL = {https://halshs.archives-ouvertes.fr/halshs-00983575},
  JOURNAL = {{Revue des Sciences et Technologies de l'Information{\Dash}S{\'e}rie Document Num{\'e}rique}},
  PUBLISHER = {{Lavoisier}},
  VOLUME = {16},
  NUMBER = {3},
  PAGES = {113-139},
  YEAR = {2013},
  urldate = {2022-01-15},
  DOI = {10.3166/DN.16.3.113-139}
}


@TechReport{andre15:B42,
  author = 	 {Jacques André},
  title = 	 {Inventaire des typèmes de la {B42}},
  type = 	 {Note de travail {NT-1}},
  institution =  {Projet d’Inventaire des Caractères Anciens},
  url = {http://jacques-andre.fr/PICA/B42-typemes.pdf},
  year = 	 2015}

@TechReport{andre22:_inven_unicod_mufi,
  author = 	 {Jacques André},
  title = 	 {Inventaire des typèmes latins et français
existant dans {Unicode/MUFI}
ou à y faire entrer},
  type = 	 {Note de travail {NT-2}},
  institution =  {Projet d’Inventaire des Caractères Anciens},
  url = {https://jacques-andre.fr/PICA/SIGMA-PICA.pdf},
  year = 	 2022}


% Local Variables:
% bibtex-dialect: bibtex
% comment-start: "%"
% End:



