@incollection{bc427,
       booktitle = {Computational and mathematical linguistics. Proceedings of the International Conference on Computational Linguistics. Pisa, 27 VIII-1 IX 1973},
          volume = {II},
          editor = {Antonio Zampolli and Nicoletta Calzolari},
           title = {Towards Computer Systems for Conversing in {Polish}},
            year = {1980},
           pages = {139--160},
       publisher = {Leo S. Olschki Editore},
         address = {Firenze},
          author = {Janusz S. Bie{\'n}},
          number = {37},
          series = {Linguistica},
	     url = {http://aclweb.org/anthology/C73-2015}
           }

@article{bc381,
         journal = {Cognitive Studies {\ensuremath{|}} {\'E}tudes Cognitives},
           pages = {75--84},
           title = {{The IMPACT project Polish Ground-Truth texts as a DjVu corpus}},
          number = {14},
          author = {Janusz S. Bie{\'n}},
       publisher = {Institute of Slavic Studies of the Polish Academy of Sciences},
            year = {2014},
	    	    urldate = {2020-12-28},
             url = {https://ispan.waw.pl/journals/index.php/cs-ec/article/view/cs.2014.008}
}

@article{andre:halshs-00983575,
  TITLE = {{Transcription et codage des imprim{\'e}s de la Renaissance.}},
  AUTHOR = {Andr{\'e}, Jacques and Jimenes, R{\'e}mi},
  URL = {https://halshs.archives-ouvertes.fr/halshs-00983575},
  JOURNAL = {{Revue des Sciences et Technologies de l'Information -  S{\'e}rie Document Num{\'e}rique}},
  PUBLISHER = {{Lavoisier}},
  VOLUME = {16},
  NUMBER = {3},
  PAGES = {113-139},
  YEAR = {2013},
  urldate = {2022-01-15},
  DOI = {10.3166/DN.16.3.113-139}
}

@Article{Cassetin2003,
  author = 	 {Andr{\'e}, Jacques},
  title = 	 {The {Cassetin} {Project} – {Towards} an {Inventory}
                  of {Ancient} {Types} and the {Relate} {Standardised}
                  {Encoding}},
  journal = 	 {TUGboat},
  year = 	 2003,
  volume = 	 24,
  number = 	 {3},
  pages = 	 {314-318},
    urldate = {2020-12-28},
url =          {http://www.tug.org/TUGboat/tb24-3/andre.pdf}
}

@Book{bułhak:_pierw_florian_ungler1,
  title = 	 {Pierwsza drukarnia Floriana Unglera : tablice 61-120},
  year = 	 1959,
  author = 	 {Bułhak, Henryk},
  series = 	 {Polonia Typographica Saeculi Sedecimi : zbiór podobizn zasobu drukarskiego tłoczni polskich XVI stulecia},
  volumes = 	 3,
  url = 	 {https://academica.edu.pl/reading/readMeta?cid=129206090&uid=129085566}
}
                  

@Article{bernacki20:_monum,
  author = 	 {Ludwik Bernacki},
  title = 	 {Monumenta {Typographica} {Poloniae} {XV} et {XVI} ss.},
  journal = {EXLIBRIS},
  year = 	 1920,
  journalsubtitle = {Pismo poświęcone bibljofilstwu polskiemu},
  number = 	 {Zeszyt III},
  pages = 	 {89-90},
  url = 	 {http://kpbc.ukw.edu.pl/publication/11872},
    urldate = {2020-12-28}}

@Online{robinson06:_guidel_trans_manus_wife_baths_prolog,
  author = 	 {Peter Robinson and Elizabeth Solopova},
  title = 	 {{Guidelines for Transcription of the Manuscripts of The Wife of Bath's Prologue}},
  year = 	 2006,
  urldate = {2020-12-28},
  url = {http://www.canterburytalesproject.com/pubs/op1-transguide.pdf}
}

@incollection{bc71,
          author = {Janusz S. Bie{\'n}},
       booktitle = {Methods of Lexical Analysis: Theoretical assumption and practical applications},
          editor = {Krzysztof Bogacki  and Joanna Cholewa and Agata Rozumko},
         address = {Bia{\l}ystok},
           title = {Digitalizing dictionaries of {Polish}},
       publisher = {Wydawnictwo Uniwersytetu w Bia{\l}ymstoku},
           pages = {37--45},
            year = {2009},
        keywords = {dictionaries, Polish, digitalization, DjVu, DjVuLibre},
             url = {https://www.researchgate.net/publication/37686726}
}

@Book{sacro11:_algor_ioann_de_sacro_busto,
  author = 	 {Joannes de Sacro Bosco},
  title = 	 {Algorithmus Ioannis De Sacro Busto},
  year = 	 1511,
  publisher = {Florian Ungler},
  location =  {Kraków},
  url = 	 {https://dbc.wroc.pl/publication/3586},
  urldate = 	 {2021-01-20}}


@Book{nieznany10:_rubric_cracov,
  title = 	 {Rubricella dioecesis Cracoviensis ad annum 1511},
  author = 	 {{Author unknown}},
  year = 	 1510,
  publisher = {Florian Ungler},
  location =  {Kraków},
  url = 	 {https://www.wbc.poznan.pl/dlibra/show-content/publication/edition/422952},
  urldate = 	 {2021-01-20}}

@Book{cracoviensis11:_alman,
  author = 	 {{{Stanislaus} {Cracoviensis} ({Aurifaber})}},
  title = 	 {Almanach ad annum incarnationis 1511},
  year = 	 1511,
  publisher = {Florianum Ungleb[sic]},
  location =  {Cracovie},
  url = 	 {http://eod.vkol.cz/60812/60812.pdf},
  urldate = 	 {2021-01-24}}


@Article{johnson65:_polon_typog_saecul_sedec,
  author = 	 {A. F. Johnson},
  title = 	 {Polonia {Typographica} {Saeculi} {Sedecimi}. {Warsaw},
                  {Polska} {Akademia} {Nauk}, {Instytut} {Badań} {Literackich},
                  1936–64. {Fasc}. 1–5, {Pls}. 1–245},
  journal = {The Library},
  year = 	 1965,
  volume = 	 {s5-XX},
  number = 	 4,
  pages = 	 {330–331},
  url = 	 {https://doi.org/10.1093/library/s5-XX.4.330},
  urldate = 	 {2022-10-26}}



@Article{bień21:_reper_ungler_polon_typog,
  author = 	 {Janusz S. Bień},
  title = 	 {Repertuar znaków pisma nr 1
pierwszej drukarni {Unglera} (1510–1516)
na podstawie {Polonia} {Typographica}},
  journal = {Acta Poligraphica},
  year = 	 2021,
  pages = 	 {1-20},
  issn = 	 {2299-9981},
  url = 	 {http://www.cobrpp.com.pl/actapoligraphica/uploads/pdf/AP2021_Bien.pdf},
  urldate = 	 {2022-10-26}}


@Book{sawicki45:_statut_jana_konar,
  author = 	 {Jakub Sawicki},
  title = 	 {Statuty synodalne krakowskie biskupa Jana Konarskiego z 1509 roku},
  year = 	 1945,
  publisher = {PAU},
  location =  {Kraków}}


@inproceedings{typemes2022,
	author = {André, Jacques},
  title = {{Les typèmes de Garamont. À propos d’un projet de codage des
caractères anciens}},
  editor  = {Lastraioli, Chiara and Diu, Isabelle and Benevent, Christine},
  booktitle = {{Gens du livre et gens de lettres {\`a} la Renaissance . Passeurs de textes II. Gens du livre et gens de lettres {\`a} la Renaissance,}},
  address = {Tours, France},
  publisher = {{Brepols}},
  year = {2012},
  url = {http://jacques-andre.fr/japublis/ja-passeurs.pdf},
  urldate = {2022-10-31}
}

@inproceedings{BREU2007,
 	Title = {The {hOCR} Microformat for {OCR} Workflow and Results},
 	Author = {Thomas Breuel},
 	BookTitle = {Proceedings of the Ninth International Conference on Document Analysis and Recognition},
 	Year = {2007},
 	Publisher = {IEEE Computer Society},
 	Pages = {1063-1067},
        url = {https://www.dfki.de/fileadmin/user_upload/import/4373_The_hOCR_Microformat.pdf}
 }

@InCollection{robinson16:_digit_revol_schol_editin,
  author = 	 {Peter Robinson},
  title = 	 {The Digital Revolution in Scholarly Editing},
  booktitle = 	 {Ars Edendi Lecture Series, vol. IV},
  publisher = {Stockholm University Press},
  year = 	 2016,
 url = {https://www.stockholmuniversitypress.se/site/chapters/10.16993/baj.h/download/464/},
  editor = 	 {Crostini, Barbara and Iversen, Gunilla and Jensen, Brian},
  pages = 	 {181-207}}


@InProceedings{10.1007/978-3-030-91669-5_5,
author="Ogrodniczuk, Maciej
and Gruszczy{\'{n}}ski, W{\l}odzimierz",
editor="Ke, Hao-Ren
and Lee, Chei Sian
and Sugiyama, Kazunari",
title="{{Embedding Transcription and Transliteration Layers in the Digital Library of Polish and Poland-Related News Pamphlets}}",
booktitle="Towards Open and Trustworthy Digital Societies",
year="2021",
publisher="Springer International Publishing",
address="Cham",
pages="54--60",
isbn="978-3-030-91669-5"
}


@misc{romein_c_annemieke_2022_7267245,
  author       = {Romein, C. Annemieke and
                  Hodel, Tobias and
                  Gordijn, Femke and
                  Zundert, Joris J. van and
                  Chagué, Alix and
                  Lange, Milan van and
                  Jensen, Helle Strandgaard and
                  Stauder, Andy and
                  Purcell, Jake and
                  Terras, Melissa M. and
                  Heuvel, Pauline van den and
                  Keijzer, Carlijn and
                  Rabus, Achim and
                  Sitaram, Chantal and
                  Bhatia, Aakriti and
                  Depuydt, Katrien and
                  Afolabi-Adeolu,  Mary Aderonke and
                  Anikina, Anastasiia and
                  Bastianello, Elisa and
                  Benzinger, Lukas Vincent and
                  Bosse, Arno and
                  Brown, David and
                  Charlton, Ash and
                  Dannevig, André Nilsson and
                  Gelder, Klaas van and
                  Go, Sabine C.P.J. and
                  Goh, Marcus J.C. and
                  Gstrein, Silvia and
                  Hasan, Sewa and
                  Heide, Stefan von der and
                  Hindermann, Maximilian and
                  Huff, Dorothee and
                  Huysman, Ineke and
                  Idris, Ali and
                  Keijzer, Liesbeth and
                  Kemper, Simon and
                  Koenders, Sanne and
                  Kuijpers, Erika and
                  Rønsig Larsen, Lisette and
                  Lepa, Sven and
                  Link, Tommy O. and
                  Nispen, Annelies van and
                  Nockels, Joe and
                  Noort, Laura M. van and
                  Oosterhuis, Joost Johannes and
                  Popken, Vivien and
                  Estrella Puertollano, María and
                  Puusaag, Joosep J. and
                  Sheta, Ahmed and
                  Stoop, Lex and
                  Strutzenbladh, Ebba and
                  Sijs, Nicoline van der and
                  Spek, Jan Paul van der and
                  Trouw, Barry Benaissa and
                  Van Synghel, Geertrui and
                  Vučković, Vladimir and
                  Wilbrink, Heleen and
                  Weiss, Sonia and
                  Wrisley, David Joseph and
                  Zweistra, Riet},
  title        = {{Exploring Data Provenance in Handwritten Text 
                   Recognition Infrastructure: Sharing and Reusing
                   Ground Truth Data, Referencing Models, and
                   Acknowledging Contributions. Starting the
                   Conversation on How We Could Get It Done}},
  month        = nov,
  year         = 2022,
  publisher    = {Zenodo},
  doi          = {10.5281/zenodo.7267245},
  url          = {https://doi.org/10.5281/zenodo.7267245}
}


@Report{andré22:_inven_unicod_mufi,
  author = 	 {Jacques André},
  title = 	 {Inventaire des typèmes latins et français
existant dans {Unicode/MUFI}
ou à y faire entrer},
  type = 	 {Note de travail NT-2},
  institution =  {Projet d’Inventaire des Caractères Anciens},
  url = {http://jacques-andre.fr/PICA/SIGMA-PICA.pdf},
  year = 	 2022}


@Report{,
  author = 	 {},
  title = 	 {},
  type = 	 {},
  institution =  {},
  date = 	 {},
  OPTkey = 	 {},
  OPTsubtitle =  {},
  OPTtitleaddon = {},
  OPTlanguage =  {},
  OPTnumber = 	 {},
  OPTversion = 	 {},
  OPTnote = 	 {},
  OPTlocation =  {},
  OPTmonth = 	 {},
  OPTisrn = 	 {},
  OPTeid = 	 {},
  OPTchapter = 	 {},
  OPTpages = 	 {},
  OPTpagetotal = {},
  OPTaddendum =  {},
  OPTpubstate =  {},
  OPTdoi = 	 {},
  OPTeprint = 	 {},
  OPTeprintclass = {},
  OPTeprinttype = {},
  OPTurl = 	 {},
  OPTurldate = 	 {},
  OPTannote = 	 {}
}

@Article{kordon03:_class,
  author = 	 {Florian Kordon and Nikolaus Weichselbaumer and
                  Randall Herz and Stephen Mossman and Edward
                  Pottenand and Mathias Seuret and Martin Mayr and Vincent
                  Christlein},
  title = 	 {Classification of incunable glyphs and out-of-distribution detection with joint energy-based models},
  journal = {{International Journal on Document Analysis and Recognition (IJDAR)}},
  date = 	 {September 2003},
  issuetitle = {Advanced Topics in Document Analysis and Recognition},
  volume = 	 26,
  issue = 	 3,
  pages = 	 {223–240},
  url = 	 {https://doi.org/10.1007/s10032-023-00442-x},
  urldate = 	 {2023-08=19}}

@incollection{bc480,
         address = {Warszawa},
       booktitle = {Semantyka a konfrontacja j{\k e}zykowa},
          author = {Janusz S. Bie{\'n}},
           title = {Problemy kodowania znak{\'o}w w korpusach historycznych},
           pages = {67--76},
          editor = {Danuta Roszko and Joanna Sato{\l}a-Sta{\'s}kowiak},
          volume = {5},
       publisher = {Instytut Slawistyki PAN},
            year = {2016},
  urldate = {2020-01-08},
              url =    {https://www.researchgate.net/publication/338448462}
}


% (setq bibtex-dialect 'biblatex)

% Local Variables:
% bibtex-dialect: bibtex
% comment-start: "%"
% End:



